@article{ravi2014limitations,
  title={Limitations to THz generation by optical rectification using tilted pulse fronts},
  author={Ravi, Koustuban and Huang, W Ronny and Carbajo, Sergio and Wu, Xiaojun and K{\"a}rtner, Franz},
  journal={Optics express},
  volume={22},
  number={17},
  pages={20239--20251},
  year={2014},
  publisher={Optical Society of America}
}

